@string{acc = {Proc. of the Amer. Control Conf.}}
@string{afm = {{AIAA} Atmos. Flight Mech. Conf.}}
@string{aiaaj = {{AIAA} Journal}}
@string{aim = {{IEEE}/{ASME} Adv. Intell. Mechatronics}}
@string{arpi = {Intl. Conf. on Applied Robotics for the Power Industry}}
@string{asm = {{AIAA} Aero. Sci. Meeting}}
@string{ast = {Aero. Sci. and Tech.}}
@string{acra = {Proc. of the Aus. Conf. on Robot. and Autom.}}
@string{auro = {Auton. Robots}}
@string{auto = {Automatica}}
@string{cdc = {Proc. of the {IEEE} Conf. on Decision and Control}}
@string{cep = {Control Engineering Practice}}
@string{csm = {{IEEE} Control Systems Mag.}}
@string{cst = {{IEEE} Trans. Control Syst. Technol.}}
@string{dars = {Intl. Sym. on Distributed Auton. Syst.}}
@string{ecc = {Proc. of the Euro. Control Conf.}}
@string{ecai = {Euro. Conf. on Artificial Intelligence}}
@string{ecml = {Proc. of the Euro. Conf. on Machine Learning and Knowledge Discovery in Databases}}
@string{ecmr = {Euro. Conf. on Mobile Robots}}
@string{fsr = {Field and Service Robotics}}
@string{gcd = {{AIAA} J. Guidance, Control, and Dynamics}}
@string{gnc = {Proc. of the {AIAA} Guidance, Navigation, and Control Conf.}}
@string{iac = {{IEEE} Aerospace Conf.}}
@string{iatm = {{IEEE}/{ASME} Trans. Mechatronics}}
@string{icdsp = {{Intl. Conf. on Digital Signal Processing}}}
@string{icit = {{IEEE} Intl. Conf. on. Industrial Tech.}}
@string{icaams = {Proc. of the Intl. Conf. on Auton. Agents and Multi-agent Sys.}}
@string{icca = {Proc. of the {IEEE} Intl. Conf. on Control Applications}}
@string{icra = {Proc. of the {IEEE} Intl. Conf. on Robot. and Autom.}}
@string{icuas = {Intl. Conf. on Unmanned Aircraft Syst.}}
@string{idc = {Information, Decision and Control}}
@string{ifac = {Intl. Federation of Automatic Control World Congress}}
@string{ijrnc = {Intl. Journal of Robust and Nonlinear Control}}
@string{ijrr = {Intl. Journal of Robotics Research}}
@string{imav = {Intl. Micro Air Vehicle Conf.}}
@string{ime = {{IEEE} Trans. on. Military Electronics}}
@string{infotech = {{AIAA} Infotech@Aerospace Conf.}}
@string{iros = {Proc. of the {IEEE/RSJ} Intl. Conf. on Intell. Robots and Syst.}}
@string{iser = {Proc. of the Intl. Sym. on Exp. Robot.}}
@string{isic = {Intl. Sym. on Intell. Control}}
@string{isrr = {Proc. of the Intl. Sym. of Robot. Research}}
@string{jais = {J. Aero. Inf. Syst.}}
@string{jfr = {J. Field Robot.}}
@string{jirs = {J. Intell. \& Robot. Syst.}}
@string{joa = {J. Aircraft}}
@string{mcca = {Mediterranean Conf. on Control Automation}}
@string{nips = {Adv. in Neural Inf. Process. Syst.}}
@string{pas = {Progress in Aero. Sci.}}
@string{ral = {{IEEE} Robot. Autom. Letters}}
@string{ram = {{IEEE} Robot. Autom. Mag.}}
@string{ras = {Robot. Auton. Syst.}}
@string{rss = {Proc. of Robot.: Sci. and Syst.}}
@string{simpar =  {Proc. of the Intl. Conf. on Simulation, Modeling, and Programming for Auton. Robots}}
@string{spie = {Proc. {SPIE}}}
@string{ssrr = {{IEEE} Intl. Symp. on Safety, Security, and Rescue Robotics}}
@string{tac = {{IEEE} Trans. Autom. Control}}
@string{tro = {{IEEE} Trans. Robotics}}
@string{weia = {J. Wind Engineering and Industrial Aerodynamics}}
@string{focs = {Proc. of the {IEEE} Annu. Symp. Found. Comput. Sci.}}
@string{uai = {Proc. of the Conf. on Uncertainty in Artif. Intell.}}
@string{aaai = {Assoc. for Adv. of Artif. Intell.}}
@string{icml = {Proc. of the Intl. Conf. on Machine Learning}}
@string{aistats = {Proc. of the Intl. Conf. on Artif. Intell. and Stat.}}

# The fsr (not ssrr paper)
@inproceedings{goel2019fsr,
  author = {Kshitij Goel and Micah Corah and Curtis Boirum and Nathan Michael},
  title = {Fast Exploration using Multirotors: Analysis, Planning, and Experimentation},
  year = {2019},
  booktitle=fsr,
  address={Tokyo, Japan},
  month=aug
}

# Journal version including polynomial trajectories and collision constraints
@article{corah2019auro,
  author = {Corah, Micah and Michael, Nathan},
  journal = auro,
  publisher = {Springer},
  title = {Distributed matroid-constrained submodular maximization for multi-robot exploration: theory and practice},
  volume = 43,
  number = 2,
  pages = {485--501},
  year = {2019}
}

# RA-L paper on informative views and local mapping with GMMs
@article{corah2019ral,
  title={Communication-Efficient Planning and Mapping for Multi-Robot Exploration in Large Environments},
  author={Corah, Micah and O'Meadhra, Cormac and Goel, Kshitij and Michael, Nathan},
  journal=ral,
  volume= {4},
  number = {2},
  pages={1715---1721},
  year={2019}
}

# Later work on submodular maximization for coverage
@inproceedings{corah2018cdc,
  author = {Corah, Micah and Michael, Nathan},
  title={Distributed Submodular Maximization on Partition Matroids for Planning
         on Large Sensor Networks},
  booktitle=cdc,
  year = {2018},
  month = dec,
  address = {Miami, FL},
}

# Journal version
@article{nelson2018auro,
  title={Environment model adaptation for mobile robot exploration},
  author={Nelson, Erik and Corah, Micah and Michael, Nathan},
  journal=auro,
  volume={42},
  number={2},
  pages={257--272},
  year={2018},
  publisher={Springer}
}

# Initial work on variations on submodular maximization for exploration
@inproceedings{corah2017rss,
  author = {Corah, Micah and Michael, Nathan},
  title={Efficient Online Multi-robot Exploration via Distributed Sequential Greedy Assignment},
  booktitle=rss,
  year = {2017},
  month = july,
  address = {Cambridge, MA}
}

# The lifting paper
@inproceedings{corah2017icra,
  title={Active estimation of mass properties for safe cooperative lifting},
  author={Corah, Micah and Michael, Nathan},
  booktitle=icra,
  year={2017},
  address={Singapore},
  month=may
}

# My early work with Wennie
@inproceedings{tabib2016iros,
  title={Computationally efficient information-theoretic exploration of pits and caves},
  author={Tabib, Wennie and Corah, Micah and Michael, Nathan and Whittaker, Red},
  booktitle=iros,
  year={2016},
  month=oct,
  address={Daejeon, Korea}
}

@inproceedings{mitchell2015icra,
  title={Multi-robot long-term persistent coverage with fuel constrained robots},
  author={Mitchell, Derek and Corah, Micah and Chakraborty, Nilanjan and Sycara, Katia and Michael, Nathan},
  booktitle=icra,
  year={2015},
  address={Seattle, WA},
  month=may
}

@incollection{persistentpaper,
    author={Mitchell, Derek and Corah, Micah and Chakraborty, Nilanjan and Sycara, Katia and Michael, Nathan},
    title={Multi-Robot Long-Term Peristent Coverage with Fuel Constrained Robots},
    booktitle={Robotics and Automation, 2015. ICRA 2015. Proceedings 2015 IEEE International Conference on},
    year={submitted},
    organization={IEEE}
}

@misc{persistentposter,
  author={Corah, Micah and Mitchell, Derek and Michael, Nathan},
  title={Persistent Deployment of Micro-Aerial Vehicles},
  note={{RISS} poster session 2014, \url{http://bit.ly/1rmgXP2}}
}

@misc{boeingposter,
  author={Corah, Micah and Simmons, Reid},
  title={Software Development for Cooperative Multi-Robot Assembly of an Airplane Wing Ladder},
  note={{RISS} poster session 2013, \url{http://bit.ly/1nw7Jl0}}
}

@incollection{boeingpaper,
  author={Corah, Micah and Niessl, Chris and Simmons, Reid},
  title={Software for Cooperative Assembly of an Airplane Wing Ladder Using Mobile Robots},
  booktitle={Robotics Institute Summer Scholars Working Papers Journal},
  year={2013}
}
